
@article{samuelson1939,
	title = {Interactions between the multiplier analysis and the principle of acceleration},
	author = {Samuelson, Paul A.},
	year = {1939},
	date = {1939},
	journal = {The review of Economics and Statistics},
	pages = {75{\textendash}78},
	volume = {21},
	number = {2},
	url = {https://www.jstor.org/stable/1927758},
	note = {Publisher: JSTOR}
}

@book{hayashi2011,
	title = {Econometrics},
	author = {Hayashi, Fumio},
	year = {2011},
	month = {12},
	date = {2011-12-12},
	publisher = {Princeton University Press},
	note = {Google-Books-ID: QyIW8WUIyzcC},
	langid = {en}
}

@book{martin2012,
	title = {Econometric Modelling with Time Series: Specification, Estimation and Testing},
	author = {Martin, Vance and Hurn, Stan and Harris, David},
	year = {2012},
	month = {12},
	date = {2012-12-28},
	publisher = {Cambridge University Press},
	note = {Google-Books-ID: lmEhAwAAQBAJ},
	langid = {en}
}
